<?xml version="1.0" encoding="UTF-8"?><record xmlns="http://www.loc.gov/MARC21/slim" xmlns:cinclude="http://apache.org/cocoon/include/1.0" xmlns:zs="http://www.loc.gov/zing/srw/">
  <leader>00560nz  a2200181n  4500</leader>
  <controlfield tag="001">n  91000155 </controlfield>
  <controlfield tag="003">DLC</controlfield>
  <controlfield tag="005">19910102134246.6</controlfield>
  <controlfield tag="008">910102n| acaabaaa|          |a ana |||  </controlfield>
  <datafield tag="010" ind1=" " ind2=" ">
    <subfield code="a">n  91000155 </subfield>
  </datafield>
  <datafield tag="040" ind1=" " ind2=" ">
    <subfield code="a">DLC</subfield>
    <subfield code="c">DLC</subfield>
  </datafield>
  <datafield tag="130" ind1=" " ind2="0">
    <subfield code="a">Izdanja Kemije u industriji</subfield>
  </datafield>
  <datafield tag="410" ind1="2" ind2="0">
    <subfield code="a">SKTH (Organization).</subfield>
    <subfield code="b">Kemija u industriji.</subfield>
    <subfield code="t">Izdanja Kemije u industriji</subfield>
  </datafield>
  <datafield tag="643" ind1=" " ind2=" ">
    <subfield code="a">Zagreb</subfield>
    <subfield code="b">SKTH/Kemija u industriji</subfield>
  </datafield>
  <datafield tag="644" ind1=" " ind2=" ">
    <subfield code="a">f</subfield>
    <subfield code="5">DLC</subfield>
  </datafield>
  <datafield tag="645" ind1=" " ind2=" ">
    <subfield code="a">t</subfield>
    <subfield code="5">DLC</subfield>
  </datafield>
  <datafield tag="646" ind1=" " ind2=" ">
    <subfield code="a">s</subfield>
    <subfield code="5">DLC</subfield>
  </datafield>
  <datafield tag="670" ind1=" " ind2=" ">
    <subfield code="a">Prelog, V. Lavoslav RuzĚicĚka, 1887-1976, 1987:</subfield>
    <subfield code="b">ser. t.p. (Izdanja Kemije u industriji)</subfield>
  </datafield>
</record>